@book{garnett_bayesoptbook_2022,
  author    = {Garnett, Roman},
  title     = {{Bayesian Optimization}},
  year      = {2022},
  publisher = {Cambridge University Press},
  note      = {in preparation}
}
@misc{botorch,
  title = {BoTorch},
  year = {2021},
  howpublished = {\url{https://botorch.org}},
  note = {Accessed: 2021-12-08}
}
@misc{gpytorch,
  title = {GPyTorch},
  year = {2021},
  howpublished = {\url{https://gpytorch.ai}},
  note = {Accessed: 2021-12-08}
}
@misc{numpy,
  title = {NumPy},
  year = {2021},
  howpublished = {\url{https://numpy.org}},
  note = {Accessed: 2021-12-08}
}
@misc{scipy,
  title = {SciPy},
  year = {2021},
  howpublished = {\url{https://scipy.org}},
  note = {Accessed: 2021-12-08}
}
@misc{sklearn,
  title = {Scikit-Learn},
  year = {2021},
  howpublished = {\url{https://scikit-learn.org}},
  note = {Accessed: 2021-12-08}
}
@misc{matplotlib,
  title = {Matplotlib},
  year = {2021},
  howpublished = {\url{https://matplotlib.org}},
  note = {Accessed: 2021-12-08}
}